<?xml version="1.0" encoding="UTF-8"?><collection xmlns="http://www.loc.gov/MARC21/slim"><record><leader>00517nam--2200145-i-4500</leader><controlfield tag="001">000016129</controlfield><controlfield tag="002">20161230</controlfield><controlfield tag="005">20170304203201</controlfield><controlfield tag="008">060222s1000------------r-----000-0-eng-d</controlfield><datafield ind1=" " ind2=" " tag="100"><subfield code="a">Devin, Claude</subfield></datafield><datafield ind1=" " ind2=" " tag="245"><subfield code="a">Contribution a l etude des tetrachlorures des elements du quatrieme group. Preparation et proprietes des complexes qu ils forment avec le chlorure de nitrosyle et les arylacetonitriles</subfield><subfield code="b">these</subfield></datafield><datafield ind1=" " ind2=" " tag="260"><subfield code="a">Besancon</subfield><subfield code="b">Universite</subfield><subfield code="c">1960</subfield></datafield><datafield ind1=" " ind2=" " tag="300"><subfield code="a">103 p</subfield></datafield><datafield ind1=" " ind2=" " tag="852"><subfield code="a">543.2(043)</subfield></datafield><datafield ind1=" " ind2=" " tag="CAT"><subfield code="a">SYS</subfield><subfield code="c">20170304</subfield><subfield code="h">203201</subfield></datafield></record></collection>